<?xml version="1.0" encoding="utf-8"?>
<record xmlns="http://www.loc.gov/MARC21/slim" xmlns:xsi="http://www.w3.org/2001/XMLSchema-instance" xsi:schemaLocation="http://www.loc.gov/MARC21/slim http://www.loc.gov/standards/marcxml/schema/MARC21slim.xsd">
	<leader>     nam a22        4500</leader>
	<controlfield tag="001">b12475191</controlfield>
	<controlfield tag="003">LeBAU</controlfield>
	<controlfield tag="006">m        d        </controlfield>
	<controlfield tag="007">cr cn |||m|||a</controlfield>
	<controlfield tag="008">170926m19111912tu      o     ||0 0 ara d</controlfield>
	<datafield ind1=" " ind2=" " tag="040">
		<subfield code="a">NNU</subfield>
		<subfield code="b">ara</subfield>
		<subfield code="e">rda</subfield>
		<subfield code="c">NNU</subfield>
	</datafield>
	<datafield ind1="0" ind2="4" tag="082">
		<subfield code="a">349.297</subfield>
		<subfield code="2">20</subfield>
	</datafield>
	<datafield ind1="0" ind2=" " tag="100">
		<subfield code="6">880-01</subfield>
		<subfield code="a">Hüsrev,</subfield>
		<subfield code="c">Molla,</subfield>
		<subfield code="d">-1480,</subfield>
		<subfield code="e">author.</subfield>
	</datafield>
	<datafield ind1="1" ind2="0" tag="245">
		<subfield code="6">880-02</subfield>
		<subfield code="a">Kitāb al-Durar al-Ḥukkām fī sharḥ ghurar al-Aḥkām /</subfield>
		<subfield code="c">ta’līf al-‘allāmah al-muḥaqqiq wa-al-fahhāmah al-mudaqqiq mawlānā al-qāḍī Muḥammad ibn Frāmūz al-shahīr bi-Manlā Khasrū al-Ḥanafī al-mutawaffá sanat 885... Wa-qad ḥulliya Hāmishihi bi-ḥāshiyat al-‘allāmah Abī al-Ikhlāṣ al-Shaykh Ḥasan ibn ‘Imād ibn ‘Alī al-Wafā’ī al-Shurunbulālī al-Ḥanafī al-mawsūm ghunyat dhawī al-iḥkām fī bughyat durar al-Ḥukkām al-mutawaffá sanat 1069. </subfield>
	</datafield>
	<datafield ind1="3" ind2="0" tag="246">
		<subfield code="6">880-03</subfield>
		<subfield code="a">al-Durar al-Ḥukkām fī sharḥ ghurar al-Aḥkām</subfield>
	</datafield>
	<datafield ind1=" " ind2="1" tag="264">
		<subfield code="6">880-04</subfield>
		<subfield code="a">Dār al-Sa‘ādah, [Turkiyā] :</subfield>
		<subfield code="b">Matba‘at Aḥmad Kāmil,</subfield>
		<subfield code="c">1329-1330 H., [1911-1912? M.]</subfield>
	</datafield>
	<datafield ind1=" " ind2=" " tag="300">
		<subfield code="6">880-05</subfield>
		<subfield code="a">online resource (1 volume)</subfield>
	</datafield>
	<datafield ind1=" " ind2=" " tag="336">
		<subfield code="a">text</subfield>
		<subfield code="2">rdacontent</subfield>
	</datafield>
	<datafield ind1=" " ind2=" " tag="337">
		<subfield code="a">computer</subfield>
		<subfield code="2">rdamedia</subfield>
	</datafield>
	<datafield ind1=" " ind2=" " tag="338">
		<subfield code="a">online resource</subfield>
		<subfield code="2">rdacarrier</subfield>
	</datafield>
	<datafield ind1=" " ind2=" " tag="500">
		<subfield code="a">2 جزء ببليوغرافي في 1 جزء مادي.</subfield>
	</datafield>
	<datafield ind1=" " ind2=" " tag="500">
		<subfield code="a">Part of the Arabic Collections Online (ACO) project, contributed by American University of Beirut's Jafet Memorial Library.</subfield>
	</datafield>
	<datafield ind1=" " ind2=" " tag="533">
		<subfield code="a">Electronic reproduction.</subfield>
		<subfield code="b">New York, N.Y. :</subfield>
		<subfield code="c">New York University,</subfield>
		<subfield code="d">2017.</subfield>
		<subfield code="5">NNU</subfield>
	</datafield>
	<datafield ind1="0" ind2="4" tag="600">
		<subfield code="a">خسرو،</subfield>
		<subfield code="c">ملا،</subfield>
		<subfield code="d">-1480.</subfield>
		<subfield code="t">غرر الأحكام.</subfield>
	</datafield>
	<datafield ind1="0" ind2="0" tag="600">
		<subfield code="a">Hüsrev,</subfield>
		<subfield code="c">Molla,</subfield>
		<subfield code="d">-1480.</subfield>
		<subfield code="t">Ghurar al-aḥkām.</subfield>
	</datafield>
	<datafield ind1=" " ind2="4" tag="650">
		<subfield code="a">الفقه الاسلامي</subfield>
		<subfield code="x">تفسير وبنية</subfield>
		<subfield code="v">اعمال قديمة حتى 1800.</subfield>
	</datafield>
	<datafield ind1=" " ind2="4" tag="650">
		<subfield code="a">المذهب الحنفي</subfield>
		<subfield code="v">اعمال قديمة حتى 1800.</subfield>
	</datafield>
	<datafield ind1=" " ind2="0" tag="650">
		<subfield code="a">Islamic law</subfield>
		<subfield code="x">Interpretation and construction</subfield>
		<subfield code="v">Early works to 1800.</subfield>
	</datafield>
	<datafield ind1=" " ind2="0" tag="650">
		<subfield code="a">Hanafites</subfield>
		<subfield code="v">Early works to 1800.</subfield>
	</datafield>
	<datafield ind1="1" ind2="2" tag="700">
		<subfield code="6">880-06</subfield>
		<subfield code="a">Shurunbulālī, Ḥasan ibn ʻAmmār,</subfield>
		<subfield code="d">1585 or 1586-1659.</subfield>
		<subfield code="t">Ghunyat dhawī al-aḥkām fī bughyat durar al-Ḥukkām.</subfield>
	</datafield>
	<datafield ind1="2" ind2=" " tag="710">
		<subfield code="a">Jafet Memorial Library.</subfield>
	</datafield>
	<datafield ind1="0" ind2=" " tag="730">
		<subfield code="a">Arabic Collections Online.</subfield>
	</datafield>
	<datafield ind1="0" ind2="8" tag="776">
		<subfield code="i">Print version:</subfield>
		<subfield code="a">Hüsrev, Molla, -1480, author.</subfield>
		<subfield code="t">Kitāb al-Durar al-Ḥukkām fī sharḥ ghurar al-Aḥkām</subfield>
		<subfield code="w">(LeBAU)b12475191</subfield>
	</datafield>
	<datafield ind1="4" ind2="0" tag="856">
		<subfield code="u">http://hdl.handle.net/2333.1/02v6x2zc</subfield>
	</datafield>
	<datafield ind1="0" ind2=" " tag="880">
		<subfield code="6">100-01/(3/r</subfield>
		<subfield code="a">خسرو،</subfield>
		<subfield code="c">ملا،</subfield>
		<subfield code="d">-1480،</subfield>
		<subfield code="e">مؤلف. </subfield>
		<subfield code="4">aut.</subfield>
	</datafield>
	<datafield ind1="1" ind2="0" tag="880">
		<subfield code="6">245-02/(3/r</subfield>
		<subfield code="a">كتاب الدرر الحكام في شرح غرر الأحكام /</subfield>
		<subfield code="c">تأليف العلامة المحقق والفهامة المدقق مولانا القاضي محمد بن فراموز الشهير بمنلا خسرو الحنفي المتوفى سنة 885... وقد حلي هامشه بحاشية العلامة أبي الإخلاص الشيخ حسن إبن عماد بن علي الوفائي الشرنبلالي الحنفي الموسوم غنية ذوي الأحكام في بغية درر الحكام المتوفى سنة 1069.</subfield>
	</datafield>
	<datafield ind1="3" ind2="0" tag="880">
		<subfield code="6">246-03/(3/r</subfield>
		<subfield code="a">الدرر الحكام في شرح غرر الأحكام</subfield>
	</datafield>
	<datafield ind1=" " ind2="1" tag="880">
		<subfield code="6">264-04/(3/r</subfield>
		<subfield code="a">دا رالسعادة، [تركيا] :</subfield>
		<subfield code="b">مطبعة أحمد كامل،</subfield>
		<subfield code="c">1329-1330 هـ.، [1911-1912؟ م.]</subfield>
	</datafield>
	<datafield ind1=" " ind2=" " tag="880">
		<subfield code="6">300-05/(3/r</subfield>
		<subfield code="a">1 جزء ؛</subfield>
		<subfield code="c">28 سم</subfield>
	</datafield>
	<datafield ind1="1" ind2="2" tag="880">
		<subfield code="6">700-06/(3/r</subfield>
		<subfield code="a">الشرنبلالي، حسن بن عمار،</subfield>
		<subfield code="d">1585  او 1586-1659.</subfield>
		<subfield code="t">غنية ذوي الأحكام في بغية درر الحكام.</subfield>
	</datafield>
	<datafield ind1=" " ind2=" " tag="959">
		<subfield code="a">NNU</subfield>
		<subfield code="b">WEB</subfield>
		<subfield code="c">GENI</subfield>
		<subfield code="t">0</subfield>
		<subfield code="m">Electronic access</subfield>
		<subfield code="s">01</subfield>
	</datafield>
	<datafield ind1=" " ind2=" " tag="999">
		<subfield code="i">LeBAU_b12475191</subfield>
		<subfield code="s">aub_aco001286:v.1-2</subfield>
		<subfield code="e">(ERROR-MISC)</subfield>
	</datafield>
</record>
